<record><leader>00000cas a22000007a 4500</leader><controlfield tag="001">13294871</controlfield><controlfield tag="008">860314d1941194uwiuwr ne      0    0eng d</controlfield><datafield ind1=" " ind2=" " tag="010"><subfield code="a">sn 86086374 </subfield></datafield><datafield ind1=" " ind2=" " tag="040"><subfield code="a">NPV</subfield><subfield code="b">eng</subfield><subfield code="c">NPV</subfield><subfield code="d">OCLCQ</subfield></datafield><datafield ind1=" " ind2=" " tag="042"><subfield code="a">msc</subfield></datafield><datafield ind1=" " ind2=" " tag="045"><subfield code="a">x4x4</subfield></datafield><datafield ind1=" " ind2=" " tag="052"><subfield code="a">4123</subfield><subfield code="b">B3</subfield></datafield><datafield ind1="0" ind2="4" tag="245"><subfield code="a">The Times-broadcaster.</subfield></datafield><datafield ind1=" " ind2=" " tag="260"><subfield code="a">Turtle Lake, Barron County, Wis. :</subfield><subfield code="b">A.T. Grimsrud,</subfield><subfield code="c">1941-</subfield></datafield><datafield ind1=" " ind2=" " tag="300"><subfield code="a">v. :</subfield><subfield code="b">ill.</subfield></datafield><datafield ind1=" " ind2=" " tag="310"><subfield code="a">Weekly</subfield></datafield><datafield ind1="0" ind2=" " tag="362"><subfield code="a">Vol. 27, no. 27 (July 10, 1941)-</subfield></datafield><datafield ind1="1" ind2=" " tag="362"><subfield code="a">Ceased in 1942 or 1943.</subfield></datafield><datafield ind1=" " ind2=" " tag="500"><subfield code="a">Editors: A.T. Grimsrud, July 10, 1941-&lt;Dec. 16, 1942&gt;.</subfield></datafield><datafield ind1=" " ind2=" " tag="530"><subfield code="a">Available on microfilm from The State Historical Society of Wisconsin.</subfield></datafield><datafield ind1=" " ind2=" " tag="752"><subfield code="a">United States</subfield><subfield code="b">Wisconsin</subfield><subfield code="c">Barron</subfield><subfield code="d">Turtle Lake.</subfield></datafield><datafield ind1="0" ind2="4" tag="780"><subfield code="t">Turtle Lake times</subfield><subfield code="w">(DLC)sn 86086373</subfield></datafield><datafield ind1="0" ind2="4" tag="780"><subfield code="t">Almena broadcaster</subfield><subfield code="w">(DLC)sn 84024898</subfield></datafield><datafield ind1="0" ind2="0" tag="785"><subfield code="t">Times (Turtle Lake, Wis. : 1943)</subfield><subfield code="w">(DLC)sn 86086375</subfield></datafield><datafield ind1="1" ind2=" " tag="029"><subfield code="a">AU@</subfield><subfield code="b">000025827681</subfield></datafield></record>